FIRST NATIONAL BANK
Monthly Statement - March 2024

Account: Business Checking ****7832

Date       | Description                    | Amount      | Balance
03/01/2024 | Beginning Balance              |             | $15,234.50
03/03/2024 | Deposit - Client Payment       | +$4,500.00 | $19,734.50
03/05/2024 | Check #1042                    | -$850.00   | $18,884.50
03/10/2024 | Wire Transfer - Equipment      | -$8,500.00 | $10,384.50
03/12/2024 | ACH - Payroll                  | -$3,200.00 | $7,184.50
03/15/2024 | Deposit - Client Payment       | +$6,000.00 | $13,184.50
03/18/2024 | Utility Payment                | -$245.00   | $12,939.50
03/22/2024 | Transfer to Savings            | -$5,000.00 | $7,939.50
03/25/2024 | Deposit - Consulting Fee       | +$2,800.00 | $10,739.50
03/28/2024 | Credit Card Payment            | -$1,500.00 | $9,239.50
03/31/2024 | Ending Balance                 |             | $9,239.50

Large transfer on 03/10: Wire transfer of $8,500 to office equipment vendor.
